@article{conneau:2017,
	author = {A. Conneau and others},
	year = "2017",
	title = {Supervised Learning of Universal Sentence Representations from Natural Language Inference Data}
}

@article{bidaf:2017,
	author = {Minjoon Seo and others},
	year = "2017",
	title = {Bi-directional attention flow for machine comprehension}
}

@article{imagenet,
	author = {Jia Deng and others},
	title = {ImageNet: A Large-Scale Hierarchical Image Database}
}



@article{transfertextclassification,
	author = {Chuong Do and Andrew Ng},
	title = {Transfer learning for text classification}
}


@article{msmarco:2016,
	author = {Tri Nguyen and others},
	year = "2016",
	title = {MS MARCO: A Human Generated MAchine Reading COmprehension Dataset}
}


@article{domainadaption,
	author = {John Blitzer and others},
	title = {Domain Adaptation with Structural Correspondence Learning}
}


@article{deepcontextualizedwr,
	author = {Matthew Peters and others},
	title = {Deep contextualized word representations}
}


@article{squad:2016,
	author = {Pranav Rajpurkar and others},
	year = "2016",
	title = {SQuAD: 100,000+ Questions for Machine Comprehension of Text}
}


@article{nliwithlstm,
	author = {Shuohang Wang and others},
	year = "2016",
	title = {Learning Natural Language Inference with LSTM}
}


@article{rnet,
	author = {Natural Language Computing Group, Microsoft Research Asia},
	title = {R-NET: Machine reading comprehension with self-matching networks}
}


@article{matchlstm,
	author = {Wang and others},
	year = "",
	title = {Machine comprehension using match-LSTM and answer pointer}
}

@article{surveytransferlearning,
	author = {Sinno Jialin Pan and Qiang Yang},
	title = {A Survey on Transfer Learning}
}
